@inproceedings{zhuang2009acoustic,
	title={Acoustic fall detection using Gaussian mixture models and GMM supervectors},
	author={Zhuang, Xiaodan and Huang, Jing and Potamianos, Gerasimos and Hasegawa-Johnson, Mark},
	booktitle={2009 IEEE International Conference on Acoustics, Speech and Signal Processing},
	pages={69--72},
	year={2009},
	organization={IEEE}
}


@article{rougier2005demo,
	title={Demo: Fall detection using 3D head trajectory extracted from a single camera video sequence},
	author={Rougier, Caroline and Meunier, Jean},
	journal={Journal of Telemedicine and Telecare},
	volume={11},
	number={4},
	pages={37--42},
	year={2005}
}

@article{cucchiara2005probabilistic,
	title={Probabilistic posture classification for human-behavior analysis},
	author={Cucchiara, Rita and Grana, Costantino and Prati, Andrea and Vezzani, Roberto},
	journal={IEEE Transactions on systems, man, and cybernetics-Part A: Systems and Humans},
	volume={35},
	number={1},
	pages={42--54},
	year={2005},
	publisher={IEEE}
}


@article{rougier2011robust,
	title={Robust video surveillance for fall detection based on human shape deformation},
	author={Rougier, Caroline and Meunier, Jean and St-Arnaud, Alain and Rousseau, Jacqueline},
	journal={IEEE Transactions on Circuits and Systems for Video Technology},
	volume={21},
	number={5},
	pages={611--622},
	year={2011},
	publisher={IEEE}
}



@inproceedings{foroughi2008eigenspace,
	title={An eigenspace-based approach for human fall detection using integrated time motion image and neural network},
	author={Foroughi, Homa and Naseri, Aabed and Saberi, Alireza and Yazdi, Hadi Sadoghi},
	booktitle={2008 9th International Conference on Signal Processing},
	pages={1499--1503},
	year={2008},
	organization={IEEE}
}

@article{mubashir2013survey,
	title={A survey on fall detection: Principles and approaches},
	author={Mubashir, Muhammad and Shao, Ling and Seed, Luke},
	journal={Neurocomputing},
	volume={100},
	pages={144--152},
	year={2013},
	publisher={Elsevier}
}

@inproceedings{vilarinho2015combined,
	title={A combined smartphone and smartwatch fall detection system},
	author={Vilarinho, Thomas and Farshchian, Babak and Bajer, Daniel Gloppestad and Dahl, Ole Halvor and Egge, Iver and Hegdal, Sondre Steinsland and L{\o}nes, Andreas and Slettevold, Johan N and Weggersen, Sam Mathias},
	booktitle={Computer and Information Technology; Ubiquitous Computing and Communications; Dependable, Autonomic and Secure Computing; Pervasive Intelligence and Computing (CIT/IUCC/DASC/PICOM), 2015 IEEE International Conference on},
	pages={1443--1448},
	year={2015},
	organization={IEEE}
}

@inproceedings{mehner2013location,
	title={Location-independent fall detection with smartphone},
	author={Mehner, Stefan and Klauck, Ronny and Koenig, Hartmut},
	booktitle={Proceedings of the 6th International Conference on PErvasive Technologies Related to Assistive Environments},
	pages={11},
	year={2013},
	organization={ACM}
}


@article{legters2002fear,
	title={Fear of falling},
	author={Legters, Kristine},
	journal={Physical therapy},
	volume={82},
	number={3},
	pages={264--272},
	year={2002},
	publisher={American Physical Therapy Association}
}


@article{igual2013challenges,
	title={Challenges, issues and trends in fall detection systems},
	author={Igual, Raul and Medrano, Carlos and Plaza, Inmaculada},
	journal={Biomedical engineering online},
	volume={12},
	number={1},
	pages={1},
	year={2013},
	publisher={BioMed Central}
}


@book{milette2012professional,
	title={Professional Android sensor programming},
	author={Milette, Greg and Stroud, Adam},
	year={2012},
	publisher={John Wiley \& Sons}
}

@TechReport{unPopulation:13,
	author = {{United Nations}},
	title = {World Population Ageing 2013},
	institution = {The Department of Economic and Social Affairs of the United Nations},
	year = {2013},
	type = {Report}
}

@misc{ibgePopulation:16,
	title = {Projeção da população do Brasil e das Unidades da Federação},
	howpublished = {\url{http://www.ibge.gov.br/apps/populacao/projecao/}},
	note = {Accessado em 21 de Abril de 2016},
	author = {{IBGE}},
	year = {2016}
}

@misc{portalBrasilQuedas:12,
	title = {Quedas},
	howpublished = {\url{http://www.brasil.gov.br/saude/2012/04/quedas/}},
	note = {Accessado em 21 de Abril de 2016},
	author = {{Portal Brasil}},
	year = {2012}
}


@book{bookFallOlderPeople:01,
	author={Stephen R. Lord and Catherine Sherrington and Hylton B. Menz},
	title={Falls in older people: risk factors and strategies for prevention},
	publisher={Cambridge University Press},
	address = {Cambridge},
	year={2001}
}


@article{lukowicz2004wearable,
	title={Wearable systems for health care applications},
	author={Lukowicz, Paul and Kirstein, Tnde and Troster, Gerhard},
	journal={Methods of Information in Medicine-Methodik der Information in der Medizin},
	volume={43},
	number={3},
	pages={232--238},
	year={2004},
	publisher={Stuttgart [etc.] FK Schattauer [etc.]}
}

@article{mubashir2013survey,
	title={A survey on fall detection: Principles and approaches},
	author={Mubashir, Muhammad and Shao, Ling and Seed, Luke},
	journal={Neurocomputing},
	volume={100},
	pages={144--152},
	year={2013},
	publisher={Elsevier}
}


@misc{PNAD:12,
	title = {Número de idosos que moram sozinhos triplica em 20 anos},
	howpublished = {\url{http://www.ibge.gov.br/home/estatistica/populacao/trabalhoerendimento/pnad2012/default_sintese.shtm}},
	note = {Accessado em 21 de Abril de 2016},
	author = {IBGE},
	year = {2012}
}


@misc{folhaPopulation:13,
	title = {Síntese de Indicadores 2012},
	howpublished = {\url{http://www1.folha.uol.com.br/equilibrioesaude/2013/12/1389765-numero-de-idosos-que-moram-sozinhos-triplica-em-20-anos.shtml}},
	note = {Accessado em 21 de Abril de 2016},
	author = {IBGE},
	year = {2012}
}


@article{wirelessSensor:13,
	author={Yuanyuan Zenga and Deshi Lia and Athanasios V. Vasilakosb},
	title={Real-time data report and task execution in wireless sensor and actuator networks using self-aware mobile actuators},
	journal={Computer Communications},
	volume={36},
	year={2013},
	pages={988--997}
}

@article{contextAware:13,
	author={Liang Zhou and Naixue Xiong and Lei Shu and Athanasios Vasilakos },
	title={Context-Aware Middleware for Multimedia Services in Heterogeneous Networks},
	journal={IEEE Intelligent Systems },
	volume={25},
	year={2010},
	pages={40--47}
}

@article{FallDectionSmartPhone:12,
	author={Yi He and Ye Li and Shu-Di Bao },
	title={Fall detection by built-in tri-accelerometer of smartphone},
	journal={Proceedings of 2012 IEEE-EMBS International Conference on Biomedical and Health Informatics },
	volume={25},
	year={2012},
	pages={184--187}
}

@misc{saleSmartwatch:16,
	title = {Gartner Says Worldwide Wearable Devices Sales to Grow 18.4 Percent in 2016},
	howpublished = {\url{http://www.gartner.com/newsroom/id/3198018/}},
	note = {Accessado em 22 de Abril de 2016},
	author = {Gartner},
	year = {2016}
}

@misc{samsungSpecification:16,
	title = {GEAR S2},
	howpublished = {\url{http://www.samsung.com/global/galaxy/gear-s2/#!/spec/}},
	note = {Accessado em 22 de Abril de 2016},
	author = {Samsung},
	year = {2016}
}

@misc{smartphoneSales:15,
	title = {Gartner Says Smartphone Sales Surpassed One Billion Units in 2014},
	howpublished = {\url{http://www.gartner.com/newsroom/id/2996817/}},
	note = {Accessado em 22 de Abril de 2016},
	author = {Gartner},
	year = {2015}
}



@inproceedings{pivato2011wearable,
	title={A wearable wireless sensor node for body fall detection},
	author={Pivato, Paolo and Dalpez, Stefano and Macii, David and Petri, Dario},
	booktitle={Measurements and Networking Proceedings (M\&N), 2011 IEEE International Workshop on},
	pages={116--121},
	year={2011},
	organization={IEEE}
}


@article{bourke2008threshold,
	title={A threshold-based fall-detection algorithm using a bi-axial gyroscope sensor},
	author={Bourke, Alan K and Lyons, Gerald M},
	journal={Medical engineering \& physics},
	volume={30},
	number={1},
	pages={84--90},
	year={2008},
	publisher={Elsevier}
}

@article{kau2015smart,
	title={A smart phone-based pocket fall accident detection, positioning, and rescue system},
	author={Kau, Lih-Jen and Chen, Chih-Sheng},
	journal={Biomedical and Health Informatics, IEEE Journal of},
	volume={19},
	number={1},
	pages={44--56},
	year={2015},
	publisher={IEEE}
}

@inproceedings{hsieh2014wrist,
	title={A wrist-worn fall detection system using accelerometers and gyroscopes},
	author={Hsieh, Shang-Lin and Chen, Chun-Che and Wu, Shin-Han and Yue, Tai-Wen},
	booktitle={Networking, Sensing and Control (ICNSC), 2014 IEEE 11th International Conference on},
	pages={518--523},
	year={2014},
	organization={IEEE}
}

@inproceedings{degen2003speedy,
	title={SPEEDY: A Fall Detector in a Wrist Watch.},
	author={Degen, Thomas and Jaeckel, Heinz and Rufer, Michael and Wyss, Stefen},
	booktitle={ISWC},
	pages={184--189},
	year={2003}
}

@inproceedings{kostopoulos2015f2d,
	title={F2D: A fall detection system tested with real data from daily life of elderly people},
	author={Kostopoulos, Panagiotis and Nunes, Tiago and Salvi, Kevin and Deriaz, Michel and Torrent, Julien},
	booktitle={2015 17th International Conference on E-health Networking, Application \& Services (HealthCom)},
	pages={397--403},
	year={2015},
	organization={IEEE}
}

@inproceedings{litvak2008fall,
	title={Fall detection of elderly through floor vibrations and sound},
	author={Litvak, Dima and Zigel, Yaniv and Gannot, Israel},
	booktitle={Engineering in Medicine and Biology Society, 2008. EMBS 2008. 30th Annual International Conference of the IEEE},
	pages={4632--4635},
	year={2008},
	organization={IEEE}
}

@inproceedings{lee2009multiple,
	title={Multiple object tracking for fall detection in real-time surveillance system},
	author={Lee, Young-Sook and Lee, HoonJae},
	booktitle={Advanced Communication Technology, 2009. ICACT 2009. 11th International Conference on},
	volume={3},
	pages={2308--2312},
	year={2009},
	organization={IEEE}
}

@article{zhang2013honey,
	title={Honey: A multimodality fall detection and telecare system},
	author={Zhang, Quan and Ren, Lingmei and Shi, Weisong},
	journal={Telemedicine and e-Health},
	volume={19},
	number={5},
	pages={415--429},
	year={2013},
	publisher={Mary Ann Liebert, Inc. 140 Huguenot Street, 3rd Floor New Rochelle, NY 10801 USA}
}

@inproceedings{cao2012falld,
	title={E-FallD: A fall detection system using android-based smartphone},
	author={Cao, Yabo and Yang, Yujiu and Liu, WenHuang},
	booktitle={Fuzzy Systems and Knowledge Discovery (FSKD), 2012 9th International Conference on},
	pages={1509--1513},
	year={2012},
	organization={IEEE}
}


@inproceedings{abbate2011recognition,
	title={Recognition of false alarms in fall detection systems},
	author={Abbate, Stefano and Avvenuti, Marco and Cola, Guglielmo and Corsini, Paolo and Light, Janet and Vecchio, Alessio},
	booktitle={2011 IEEE Consumer Communications and Networking Conference (CCNC)},
	pages={23--28},
	year={2011},
	organization={IEEE}
}


@inproceedings{gjoreski2011accelerometer,
	title={Accelerometer placement for posture recognition and fall detection},
	author={Gjoreski, Hristijan and Lustrek, Mitja and Gams, Matjaz},
	booktitle={Intelligent environments (IE), 2011 7th international conference on},
	pages={47--54},
	year={2011},
	organization={IEEE}
}

@inproceedings{kangas2007determination,
	title={Determination of simple thresholds for accelerometry-based parameters for fall detection},
	author={Kangas, Maarit and Konttila, Antti and Winblad, Ilkka and Jamsa, Timo},
	booktitle={2007 29th Annual International Conference of the IEEE Engineering in Medicine and Biology Society},
	pages={1367--1370},
	year={2007},
	organization={IEEE}
}


@misc{GyroscopeWolfram,
	title = {Gyroscope},
	howpublished = {\url{http://demonstrations.wolfram.com/Gyroscope/}},
	note = {Accessado em 08 de Maio de 2016},
	author = {Sándor Kabai},
	year = {2007}
}

@misc{GyroscopeAndroidDocs,
	title = {Using the Gyroscope},
	howpublished = {\url{http://developer.android.com/guide/topics/sensors/sensors_motion.html#sensors-motion-gyro}},
	note = {Accessado em 08 de Maio de 2016},
	author = {Google},
	year = {2016}
}

@misc{sensorAndroidDocs,
	title = {Sensor Coordinate System},
	howpublished = {\url{https://developer.android.com/guide/topics/sensors/sensors_overview.html#sensors-intro}},
	note = {Accessado em 10 de Setembro de 2016},
	author = {Google},
	year = {2016}
}


@article{zhao2012fallalarm,
	title={Fallalarm: Smart phone based fall detecting and positioning system},
	author={Zhao, Zhongtang and Chen, Yiqiang and Wang, Shuangquan and Chen, Zhenyu},
	journal={Procedia Computer Science},
	volume={10},
	pages={617--624},
	year={2012},
	publisher={Elsevier}
}


@book{anzai2012pattern,
	title={Pattern Recognition \& Machine Learning},
	author={Anzai, Yuichiro},
	year={2012},
	publisher={Elsevier}
}

@article{casilari2015analysis,
	title={Analysis of android device-based solutions for fall detection},
	author={Casilari, Eduardo and Luque, Rafael and Mor{\'o}n, Mar{\'\i}a-Jos{\'e}},
	journal={Sensors},
	volume={15},
	number={8},
	pages={17827--17894},
	year={2015},
	publisher={Multidisciplinary Digital Publishing Institute}
}


@inproceedings{sposaro2009ifall,
	title={iFall: an Android application for fall monitoring and response},
	author={Sposaro, Frank and Tyson, Gary},
	booktitle={2009 Annual International Conference of the IEEE Engineering in Medicine and Biology Society},
	pages={6119--6122},
	year={2009},
	organization={IEEE}
}

@article{habib2014smartphone,
	title={Smartphone-based solutions for fall detection and prevention: challenges and open issues},
	author={Habib, Mohammad Ashfak and Mohktar, Mas S and Kamaruzzaman, Shahrul Bahyah and Lim, Kheng Seang and Pin, Tan Maw and Ibrahim, Fatimah},
	journal={Sensors},
	volume={14},
	number={4},
	pages={7181--7208},
	year={2014},
	publisher={Multidisciplinary Digital Publishing Institute}
}

@article{casilari2015automatic,
	title={Automatic fall detection system based on the combined use of a smartphone and a smartwatch},
	author={Casilari, Eduardo and Oviedo-Jim{\'e}nez, Miguel A},
	journal={PLoS one},
	volume={10},
	number={11},
	pages={e0140929},
	year={2015},
	publisher={Public Library of Science}
}

@article{khusainov2013real,
	title={Real-time human ambulation, activity, and physiological monitoring: Taxonomy of issues, techniques, applications, challenges and limitations},
	author={Khusainov, Rinat and Azzi, Djamel and Achumba, Ifeyinwa E and Bersch, Sebastian D},
	journal={Sensors},
	volume={13},
	number={10},
	pages={12852--12902},
	year={2013},
	publisher={Multidisciplinary Digital Publishing Institute}
}

@article{lindemann2005evaluation,
	title={Evaluation of a fall detector based on accelerometers: A pilot study},
	author={Lindemann, U and Hock, A and Stuber, M and Keck, W and Becker, C},
	journal={Medical and Biological Engineering and Computing},
	volume={43},
	number={5},
	pages={548--551},
	year={2005},
	publisher={Springer}
}

@misc{lgUrbaneSpec,
	title = {LG Watch Urbane in Silver},
	howpublished = {\url{http:http://www.lg.com/us/smart-watches/lg-W150-lg-watch-urbane}},
	note = {Accessado em 25 de Maio de 2016},
	author = {LG},
	year = {2016}
}

@article{powers2011evaluation,
	title={Evaluation: from precision, recall and F-measure to ROC, informedness, markedness and correlation},
	author={Powers, David Martin},
	year={2011},
	publisher={Bioinfo Publications}
}
